@inproceedings{kachergis2011,
  title={OrBEAGLE: integrating orthography into a holographic model of the lexicon},
  author={Kachergis, George and Cox, Gregory E and Jones, Michael N},
  booktitle={International Conference on Artificial Neural Networks},
  pages={307--314},
  year={2011},
  organization={Springer}
}

@article{hills2018,
  title={Filling gaps in early word learning},
  author={Hills, Thomas T. and Siew, Cynthia SQ},
  journal={Nature Human Behaviour},
  volume={2},
  number={9},
  year={2018},
}

@article{lupyan2017,
  title={From words-as-mappings to words-as-cues: The role of language in semantic knowledge},
  author={Lupyan, Gary and Lewis, Molly},
  journal={Language, Cognition and Neuroscience},
  year={2017},
  publisher={Taylor \& Francis}
}

@incollection{bates1995,
  author      = "Bates, Elizabeth and Dale, Philip S and Thal, Donna",
  title       = "Individual differences and their implications for theories of language development",
  editor      = "P. Fletcher and B. MacWhinney",
  booktitle   = "The handbook of child language",
  publisher   = "Oxford, England: Blackwell",
  year        = 1995,
}

@incollection{bates1987,
  author      = "Bates, Elizabeth and MacWhinney, Brian",
  title       = "Competition, variation, and language learning",
  editor      = "B. MacWhinney",
  booktitle   = "Mechanisms of language acquisition",
  publisher   = "Erlbaum",
  year        = 1987,
}




@article{luce1998,
  title={Recognizing spoken words: The neighborhood activation model},
  author={Luce, Paul A. and Pisoni, David B},
  journal={Ear and hearing},
  volume={19},
  number={1},
  year={1998},
  publisher={NIH Public Access}
}

@article{huttenlocher1991,
  title={Early vocabulary growth: relation to language input and gender.},
  author={Huttenlocher, Janellen and Haight, Wendy and Bryk, Anthony and Seltzer, Michael and Lyons, Thomas},
  journal={Developmental psychology},
  volume={27},
  number={2},
  year={1991},
  publisher={American Psychological Association}
}

@inproceedings{matusevych2018,
	Author = {Matusevych, Yevgen and Stevenson, Suzanne}, 
	Booktitle = {{Proceedings of the 40th Annual Conference of the Cognitive Science Society}},
	Title = {Analyzing and modeling free word associations},
	Year = {2018}
	}


@article{carlson2014,
  title={How children explore the phonological network in child-directed speech: A survival analysis of children's first word productions},
  author={Carlson, Matthew T and Sonderegger, Morgan and Bane, Max},
  journal={Journal of memory and language},
  volume={75},
  pages={159--180},
  year={2014}
}

@article{swingley2018,
  title={Quantitative linguistic predictors of infants' learning of specific english words},
  author={Swingley, Daniel and Humphrey, Colman},
  journal={Child development},
  volume={89},
  number={4},
  year={2018}
}

@inproceedings{fourtassi2013,
  title={A corpus-based evaluation method for distributional semantic models},
  author={Fourtassi, Abdellah and Dupoux, Emmanuel},
booktitle={51st Annual Meeting of the Association for Computational Linguistics Proceedings of the Student Research Workshop},
  pages={165--171},
  year={2013}
}

@article{mcrae2005,
  title={Semantic feature production norms for a large set of living and nonliving things},
  author={McRae, Ken and Cree, George S and Seidenberg, Mark S and McNorgan, Chris},
  journal={Behavior research methods},
  volume={37},
  number={4},
  pages={547--559},
  year={2005},
  publisher={Springer}
}

@article{vitevitch2008,
  title={What can graph theory tell us about word learning and lexical retrieval?},
  author={Vitevitch, Michael S},
  journal={Journal of Speech, Language, and Hearing Research},
  volume={51},
  number={2},
  pages={408--422},
  year={2008}
}

@incollection{beckage2016,
  title={Language networks as models of cognition: Understanding cognition through language},
  author={Beckage, Nicole M and Colunga, Eliana},
  booktitle={Towards a Theoretical Framework for Analyzing Complex Linguistic Networks},
  pages={3--28},
  year={2016},
  publisher={Springer}
}

@article{mcmurray2012,
  author = {McMurray, B. and Horst, J. S. and Samuelson, L. K.},
  title = {Word learning emerges from
the interaction of online referent selection and slow associative learning},
  journal ={Psychological Review},
  volume = 119,
  year = 2012
}


@article{hoff2002,
  title={How children use input to acquire a lexicon},
  author={Hoff, Erika and Naigles, Letitia},
  journal={Child development},
  volume={73},
  number={2},
  year={2002},
  publisher={Wiley Online Library}
}

@article{clark2007,
  title={Young children's uptake of new words in conversation},
  author={Clark, Eve V},
  journal={Language in Society},
  volume={36},
  number={2},
  year={2007},
  publisher={Cambridge University Press}
}


@article{dell1993,
  title={Structure and content in language production: A theory of frame constraints in phonological speech errors},
  author={Dell, Gary S and Juliano, Cornell and Govindjee, Anita},
  journal={Cognitive Science},
  volume={17},
  number={2},
  pages={149--195},
  year={1993}
}

@article{takac2017,
  title={What can Neighbourhood Density effects tell us about word learning? Insights from a connectionist model of vocabulary development},
  author={Takac, Martin and Knott, Alistair and Stokes, Stephanie},
  journal={Journal of child language},
  volume={44},
  number={2},
  year={2017}
}

@article{borovsky2016,
  title={Lexical leverage: Category knowledge boosts real-time novel word recognition in 2-year-olds},
  author={Borovsky, Arielle and Ellis, Erica M and Evans, Julia L and Elman, Jeffrey L},
  journal={Developmental science},
  volume={19},
  number={6},
  year={2016},
  publisher={Wiley Online Library}
}

@article{altvater2013,
  title={Word-form familiarity bootstraps infant speech segmentation},
  author={Altvater-Mackensen, Nicole and Mani, Nivedita},
  journal={Developmental science},
  volume={16},
  number={6},
  year={2013},
  publisher={Wiley Online Library}
}


@article{yurovsky2015,
  title={An integrative account of constraints on cross-situational learning},
  author={Yurovsky, Daniel and Frank, Michael C},
  journal={Cognition},
  volume={145},
  year={2015}
}

@book{pinker2013,
  title={Learnability and cognition: The acquisition of argument structure},
  author={Pinker, Steven},
  year={2013},
  publisher={MIT press}
}

@article{aslin2012,
  title={Statistical learning: From acquiring specific items to forming general rules},
  author={Aslin, Richard N and Newport, Elissa L},
  journal={Current directions in psychological science},
  volume={21},
  number={3},
  year={2012},
  publisher={Sage Publications Sage CA: Los Angeles, CA}
}


@article{vitevitch2005,
  title={Neighborhood density effects in spoken word recognition in Spanish},
  author={Vitevitch, Michael S and Rodr{\'\i}guez, Eva},
  journal={Journal of Multilingual Communication Disorders},
  volume={3},
  number={1},
  year={2005}
}


@article{chi1983,
  title={Network representation of a child's dinosaur knowledge.},
  author={Chi, Michelene TH and Koeske, Randi Daimon},
  journal={Developmental psychology},
  volume={19},
  number={1},
  year={1983}
}


@article{collins1975,
  title={A spreading-activation theory of semantic processing},
  author={Collins, Allan M and Loftus, Elizabeth F},
  journal={Psychological review},
  volume={82},
  number={6},
  year={1975}
}

@article{benedict1979,
  title={Early lexical development: Comprehension and production},
  author={Benedict, Helen},
  journal={Journal of child language},
  volume={6},
  number={2},
  pages={183--200},
  year={1979}
}

@book{macwhinney2014,
  title={{The CHILDES project: Tools for analyzing talk, Volume II}},
  author={MacWhinney, Brian},
  year={2014},
  publisher={Psychology Press}
}



@book{slobin2014,
  title={The crosslinguistic study of language acquisition},
  author={Slobin, Dan Isaac},
  volume={4},
  year={2014},
  publisher={Psychology Press}
}

@article{cristia2017,
  title={Child-Directed Speech Is Infrequent in a Forager-Farmer Population: A Time Allocation Study},
  author={Cristia, Alejandrina and Dupoux, Emmanuel and Gurven, Michael and Stieglitz, Jonathan},
  journal={Child development},
  year={2017},
}

@article {youn2016,
	author = {Youn, Hyejin and Sutton, Logan and Smith, Eric and Moore, Cristopher and Wilkins, Jon F. and Maddieson, Ian and Croft, William and Bhattacharya, Tanmoy},
	title = {On the universal structure of human lexical semantics},
	volume = {113},
	number = {7},
	pages = {1766--1771},
	year = {2016},
	journal = {Proceedings of the National Academy of Sciences}}
	
@article{arbesman2010,
  title={The structure of phonological networks across multiple languages},
  author={Arbesman, Samuel and Strogatz, Steven H and Vitevitch, Michael S},
  journal={International Journal of Bifurcation and Chaos},
  volume={20},
  number={03},
  pages={679--685},
  year={2010}
}

@article{kuhl1997,
  title={Cross-language analysis of phonetic units in language addressed to infants},
  author={Kuhl, Patricia K and Andruski, Jean E and Chistovich, Inna A and Chistovich, Ludmilla A and Kozhevnikova, Elena V and Ryskina, Viktoria L and Stolyarova, Elvira I and Sundberg, Ulla and Lacerda, Francisco},
  journal={Science},
  volume={277},
  number={5326},
  pages={684--686},
  year={1997}
}
	
@article{goodman2008, 
title={Does frequency count? Parental input and the acquisition of vocabulary}, 
volume={35}, 
number={3}, journal={Journal of Child Language}, 
publisher={Cambridge University Press}, 
author={Goodman, Judith C. and Dale, Philip S. and Li, Ping}, 
year={2008}, 
pages={515--531}}


@article{braginsky, 
title={Consistency and variability in word learning across languages}, 
author={Braginsky, Mika and Yurovsky, Daniel and Marchman, Virginia A and Frank, Michael C.}, 
year={in revision}}

@article{beckage, 
title={Network Growth Modeling to Capture Individual Lexical Learning}, 
author={Beckage, Nicole M and Colunga, Eliana}, 
year={under review}}


@inproceedings{braginsky2016,
	Author = {Braginsky, Mika and Yurovsky, Daniel and Marchman, Virginia A and Frank, Michael C.},
	Booktitle = {{Proceedings of the 38th Annual Conference of the Cognitive Science Society}},
	Title = {From uh-oh to tomorrow: Predicting age of acquisition for early words across languages},
	Year = {2016}}
	

	
	
@article{stokes2010,
author = {Stokes, Stephanie F.},
title = {Neighborhood Density and Word Frequency Predict Vocabulary Size in Toddlers},
journal = {Journal of Speech, Language, and Hearing Research},
volume = {53},
number = {3},
pages = {670-683},
year = {2010}
}

@article{storkel2009,
 title={Developmental differences in the effects of phonological, lexical and semantic variables on word learning by infants},
  volume={36},

    number={2},
     journal={Journal of Child Language},
     publisher={Cambridge University Press}, 
     author={Storkel, Holly L.}, 
     year={2009}, 
     pages={29--321}}
     
     
  @article {steyvers2005,
author = {Steyvers, Mark and Tenenbaum, Joshua B.},
title = {The Large-Scale Structure of Semantic Networks: Statistical Analyses and a Model of Semantic Growth},
journal = {Cognitive Science},
volume = {29},
number = {1},
publisher = {Lawrence Erlbaum Associates, Inc.},
pages = {41--78},
year = {2005}
}
	

@article{smith2008,
title = "Infants rapidly learn word-referent mappings via cross-situational statistics",
journal = "Cognition",
volume = "106",
number = "3",
year = "2008",
author = "Linda Smith and Chen Yu"
}

@article{hills2009,
author = {Thomas T. Hills and Mounir Maouene and Josita Maouene and Adam Sheya and Linda Smith},
title ={Longitudinal Analysis of Early Semantic Networks: Preferential Attachment or Preferential Acquisition?},
journal = {Psychological Science},
volume = {20},
number = {6},
pages = {729-739},
year = {2009}
}

@article{frank2017,
 title={Wordbank: an open repository for developmental vocabulary data}, 
 volume={44}, 
 number={3},
  journal={Journal of Child Language}, 
 publisher={Cambridge University Press}, 
 author={Frank, Michael C. and Braginsky, Mika and Yurovsky, Daniel and Marchman, Virginia A.}, 
 year={2017}, 
 pages={677--694}}


@electronic{nelson1998,
  author = {Nelson, D. L. and McEvoy,  C. L. and Schreiber, T. A.},
  title = {The {U}niversity of {S}outh {F}lorida word association, rhyme, and word fragment norms},
  url = {http://w3.usf.edu/FreeAssociation/},
  year = 1998
}

@article{pisoni1985,
title = "Speech perception, word recognition and the structure of the lexicon",
journal = "Speech Communication",
volume = "4",
number = "1",
pages = "75 - 95",
year = "1985",
author = "David B Pisoni and Howard C. Nusbaum and Paul A. Luce and Louisa M. Slowiaczek"
}


@ARTICLE{griffiths07,
    author = {Thomas L. Griffiths and Mark Steyvers and Joshua B. Tenenbaum },
    title = {Topics in semantic representation},
    journal = {Psychological Review},
    year = {2007},
    volume = {114},
    number = {2},
    pages = {2007}
}

@article {saffran1996,
	author = {Saffran, Jenny R and Aslin, Richard N and Newport, Elissa L},
	title = {Statistical Learning by 8-Month-Old Infants},
	volume = {274},
	number = {5294},
	pages = {1926--1928},
	year = {1996},
	publisher = {American Association for the Advancement of Science},
	journal = {Science}
}


@article{vitevitch1999,
title = "Phonotactics, Neighborhood Activation, and Lexical Access for Spoken Words",
journal = "Brain and Language",
volume = "68",
number = "1",
pages = "306 - 311",
year = "1999",
author = "Michael S Vitevitch and Paul A. Luce and David B Pisoni and Edward T. Auer"
}


@article{jusczyk1994,
title = "Infant's Sensitivity to Phonotactic Patterns in the Native Language",
journal = "Journal of Memory and Language",
volume = "33",
number = "5",
pages = "630 - 645",
year = "1994",
author = "Peter W. Jusczyk and Paul A. Luce and Jan Charles-Luce"
}


@article{storkel2001,
author = {Storkel, Holly L.},
title = {Learning New Words: Phonotactic Probability in Language Development},
journal = {Journal of Speech, Language, and Hearing Research},
volume = {44},
number = {6},
pages = {1321-1337},
year = {2001}
}


@article{higgins2014,
author = {Michelle MacRoy-Higgins and Valerie L Shafer and Richard G Schwartz and Klara Marton},
title ={The influence of phonotactic probability on word recognition in toddlers},
journal = {Child Language Teaching and Therapy},
volume = {30},
number = {1},
pages = {117-130},
year = {2014}
}


@article{beckage2011,
    author = {Beckage, Nicole M and  Smith, Linda and Hills, Thomas T.},
    journal = {PLOS ONE},
    publisher = {Public Library of Science},
    title = {Small Worlds and Semantic Network Growth in Typical and Late Talkers},
    year = {2011},
    month = {05},
    volume = {6},
    pages = {1-6},
    number = {5}
}


@Article{stella2017,
author={Stella, Massimo
and Beckage, Nicole M
and Brede, Markus},
title={Multiplex lexical networks reveal patterns in early word acquisition in children},
journal={Scientific Reports},
year={2017},
day={24},
volume={7}
}


@article{hills2010,
title = "The associative structure of language: Contextual diversity in early word learning",
journal = "Journal of Memory and Language",
volume = "63",
number = "3",
pages = "259 - 273",
year = "2010",
author = "Thomas T. Hills and Josita Maouene and Brian Riordan and Linda B. Smith"
}


@misc{dippl,
  title = {{The Design and Implementation of Probabilistic Programming Languages}},
  author = {Goodman, Noah and Stuhlmuller, Andreas},
  year = {2014},
  howpublished = {\url{http://dippl.org}}
}


@article {engelthaler2017,
author = {Engelthaler, Tomas and Hills, Thomas T.},
title = {Feature Biases in Early Word Learning: Network Distinctiveness Predicts Age of Acquisition},
journal = {Cognitive Science},
volume = {41},
issn = {1551-6709},
pages = {120--140},
year = {2017}
}


@article {barabasi99,
	author = {Barabasi, Albert-Laszlo and Albert, Reka},
	title = {Emergence of Scaling in Random Networks},
	volume = {286},
	number = {5439},
	pages = {509--512},
	year = {1999},
	journal = {Science}
}


@article {markman90,
author = {Markman, Ellen M.},
title = {Constraints Children Place on Word Meanings},
journal = {Cognitive Science},
volume = {14},
number = {1},
publisher = {Lawrence Erlbaum Associates, Inc.},
pages = {57--77},
year = {1990},
}


@article {roy2015,
	author = {Roy, Brandon C. and Frank, Michael C. and DeCamp, Philip and Miller, Matthew and Roy, Deb},
	title = {Predicting the birth of a spoken word},
	volume = {112},
	number = {41},
	year = {2015},
	publisher = {National Academy of Sciences},
	journal = {Proceedings of the National Academy of Sciences}
}


@article{fenson94,
 author = {Larry Fenson and Philip S. Dale and J. Steven Reznick and Elizabeth Bates and Donna J. Thal and Stephen J. Pethick and Michael Tomasello and Carolyn B. Mervis and Joan Stiles},
 journal = {Monographs of the Society for Research in Child Development},
 number = {5},
 publisher = {[Society for Research in Child Development, Wiley]},
 title = {Variability in Early Communicative Development},
 volume = {59},
 year = {1994}
}


@article{gillespie15,
    title = {Fitting Heavy Tailed Distributions: The {poweRlaw} Package},
    author = {Colin S. Gillespie},
    journal = {Journal of Statistical Software},
    year = {2015},
    volume = {64},
    number = {2},
    pages = {1--16},
    url = {http://www.jstatsoft.org/v64/i02/},
  }


@article{clauset09,
author = {Aaron Clauset and Cosma Rohilla Shalizi and M. E. J. Newman},
title = {Power-Law Distributions in Empirical Data},
journal = {SIAM Review},
volume = {51},
number = {4},
pages = {661-703},
year = {2009}    
}@Manual{R-base,
  title = {R: A Language and Environment for Statistical Computing},
  author = {{R Core Team}},
  organization = {R Foundation for Statistical Computing},
  address = {Vienna, Austria},
  year = {2016},
  url = {https://www.R-project.org/},
}
@Manual{R-BBmisc,
  title = {BBmisc: Miscellaneous Helper Functions for B. Bischl},
  author = {Bernd Bischl and Michel Lang and Jakob Bossek and Daniel Horn and Jakob Richter and Dirk Surmann},
  year = {2017},
  note = {R package version 1.11},
  url = {https://CRAN.R-project.org/package=BBmisc},
}
@Manual{R-bindrcpp,
  title = {bindrcpp: An 'Rcpp' Interface to Active Bindings},
  author = {Kirill Müller},
  year = {2017},
  note = {R package version 0.2},
  url = {https://CRAN.R-project.org/package=bindrcpp},
}
@Book{R-boot,
  title = {Bootstrap Methods and Their Applications},
  author = {A. C. Davison and D. V. Hinkley},
  publisher = {Cambridge University Press},
  address = {Cambridge},
  year = {1997},
  note = {ISBN 0-521-57391-2},
  url = {http://statwww.epfl.ch/davison/BMA/},
}
@Manual{R-broom,
  title = {broom: Convert Statistical Analysis Objects into Tidy Data Frames},
  author = {David Robinson},
  year = {2017},
  note = {R package version 0.4.3},
  url = {https://CRAN.R-project.org/package=broom},
}
@Manual{R-directlabels,
  title = {directlabels: Direct Labels for Multicolor Plots},
  author = {Toby Dylan Hocking},
  year = {2017},
  note = {R package version 2017.03.31},
  url = {https://CRAN.R-project.org/package=directlabels},
}
@Manual{R-dplyr,
  title = {dplyr: A Grammar of Data Manipulation},
  author = {Hadley Wickham and Romain Francois and Lionel Henry and Kirill Müller},
  year = {2017},
  note = {R package version 0.7.4},
  url = {https://CRAN.R-project.org/package=dplyr},
}
@Manual{R-feather,
  title = {feather: R Bindings to the Feather 'API'},
  author = {Hadley Wickham},
  year = {2016},
  note = {R package version 0.3.1},
  url = {https://CRAN.R-project.org/package=feather},
}
@Book{R-ggplot2,
  author = {Hadley Wickham},
  title = {ggplot2: Elegant Graphics for Data Analysis},
  publisher = {Springer-Verlag New York},
  year = {2009},
  isbn = {978-0-387-98140-6},
  url = {http://ggplot2.org},
}
@Manual{R-ggthemes,
  title = {ggthemes: Extra Themes, Scales and Geoms for 'ggplot2'},
  author = {Jeffrey B. Arnold},
  year = {2017},
  note = {R package version 3.4.0},
  url = {https://CRAN.R-project.org/package=ggthemes},
}
@Manual{R-HDInterval,
  title = {HDInterval: Highest (Posterior) Density Intervals},
  author = {Mike Meredith and John Kruschke},
  year = {2016},
  note = {R package version 0.1.3},
  url = {https://CRAN.R-project.org/package=HDInterval},
}
@Article{R-jsonlite,
  title = {The jsonlite Package: A Practical and Consistent Mapping Between JSON Data and R Objects},
  author = {Jeroen Ooms},
  journal = {arXiv:1403.2805 [stat.CO]},
  year = {2014},
  url = {https://arxiv.org/abs/1403.2805},
}
@Manual{R-langcog,
  title = {langcog: Language and Cognition Lab Things},
  author = {Mika Braginsky and Dan Yurovsky and Michael Frank},
  note = {R package version 0.1.9001},
  url = {http://github.com/langcog/langcog},
}
@Article{R-lmtest,
  title = {Diagnostic Checking in Regression Relationships},
  author = {Achim Zeileis and Torsten Hothorn},
  journal = {R News},
  year = {2002},
  volume = {2},
  number = {3},
  pages = {7--10},
  url = {https://CRAN.R-project.org/doc/Rnews/},
}
@Manual{R-nlme,
  title = {{nlme}: Linear and Nonlinear Mixed Effects Models},
  author = {Jose Pinheiro and Douglas Bates and Saikat DebRoy and Deepayan Sarkar and {R Core Team}},
  year = {2017},
  note = {R package version 3.1-131},
  url = {https://CRAN.R-project.org/package=nlme},
}
@Manual{R-papaja,
  author = {Frederik Aust and Marius Barth},
  title = {{papaja}: {Create} {APA} manuscripts with {R Markdown}},
  year = {2018},
  note = {R package version 0.1.0.9709},
  url = {https://github.com/crsh/papaja},
}
@Manual{R-png,
  title = {png: Read and write PNG images},
  author = {Simon Urbanek},
  year = {2013},
  note = {R package version 0.1-7},
  url = {https://CRAN.R-project.org/package=png},
}
@Manual{R-purrr,
  title = {purrr: Functional Programming Tools},
  author = {Lionel Henry and Hadley Wickham},
  year = {2017},
  note = {R package version 0.2.4},
  url = {https://CRAN.R-project.org/package=purrr},
}
@Manual{R-readr,
  title = {readr: Read Rectangular Text Data},
  author = {Hadley Wickham and Jim Hester and Romain Francois},
  year = {2017},
  note = {R package version 1.1.1},
  url = {https://CRAN.R-project.org/package=readr},
}
@Manual{R-rwebppl,
  title = {rwebppl: R Interface to WebPPL},
  author = {Mika Braginsky and Michael Henry Tessler},
  note = {R package version 0.1.9002},
  url = {https://github.com/mhtess/rwebppl},
}
@Manual{R-stringr,
  title = {stringr: Simple, Consistent Wrappers for Common String Operations},
  author = {Hadley Wickham},
  year = {2017},
  note = {R package version 1.2.0},
  url = {https://CRAN.R-project.org/package=stringr},
}
@Manual{R-tidyr,
  title = {tidyr: Easily Tidy Data with 'spread()' and 'gather()' Functions},
  author = {Hadley Wickham and Lionel Henry},
  year = {2017},
  note = {R package version 0.7.2},
  url = {https://CRAN.R-project.org/package=tidyr},
}
@Manual{R-wordbankr,
  title = {wordbankr: Accessing the Wordbank Database},
  author = {Mika Braginsky},
  year = {2016},
  note = {R package version 0.2.0},
  url = {https://CRAN.R-project.org/package=wordbankr},
}
@Manual{R-xtable,
  title = {xtable: Export Tables to LaTeX or HTML},
  author = {David B. Dahl},
  year = {2016},
  note = {R package version 1.8-2},
  url = {https://CRAN.R-project.org/package=xtable},
}
@Article{R-zoo,
  title = {zoo: S3 Infrastructure for Regular and Irregular Time Series},
  author = {Achim Zeileis and Gabor Grothendieck},
  journal = {Journal of Statistical Software},
  year = {2005},
  volume = {14},
  number = {6},
  pages = {1--27},
  doi = {10.18637/jss.v014.i06},
}
@Manual{R-cowplot,
  title = {cowplot: Streamlined Plot Theme and Plot Annotations for 'ggplot2'},
  author = {Claus O. Wilke},
  year = {2016},
  note = {R package version 0.7.0},
  url = {https://CRAN.R-project.org/package=cowplot},
}
@Book{R-knitr,
  title = {Dynamic Documents with {R} and knitr},
  author = {Yihui Xie},
  publisher = {Chapman and Hall/CRC},
  address = {Boca Raton, Florida},
  year = {2015},
  edition = {2nd},
  note = {ISBN 978-1498716963},
  url = {https://yihui.name/knitr/},
}
@Manual{R-kableExtra,
  title = {kableExtra: Construct Complex Table with 'kable' and Pipe Syntax},
  author = {Hao Zhu},
  year = {2018},
  note = {R package version 0.9.0},
  url = {https://CRAN.R-project.org/package=kableExtra},
}
@Manual{R-gridExtra,
  title = {gridExtra: Miscellaneous Functions for "Grid" Graphics},
  author = {Baptiste Auguie},
  year = {2017},
  note = {R package version 2.3},
  url = {https://CRAN.R-project.org/package=gridExtra},
}
@Manual{R-ggpubr,
  title = {ggpubr: 'ggplot2' Based Publication Ready Plots},
  author = {Alboukadel Kassambara},
  year = {2018},
  note = {R package version 0.2},
  url = {https://CRAN.R-project.org/package=ggpubr},
}
@Manual{R-magrittr,
  title = {magrittr: A Forward-Pipe Operator for R},
  author = {Stefan Milton Bache and Hadley Wickham},
  year = {2014},
  note = {R package version 1.5},
  url = {https://CRAN.R-project.org/package=magrittr},
}
